% Follow the format below in typing your references.
% Below are the formats for book, article, technical reports
% and other miscellaneous references.

@BOOK{bsw,
	author={H. T. Banks and R. C. Smith and Y. Wang},
	title={Smart Material Structures: Modeling Estimation
		and Control},
	year=1996,
	publisher={Masson/John Wiley},
	address={Paris/Chichester}
}

@article{combinatorics,
	title={Combinatorics},
	author={Walzer, Stefan},
	journal={},
	year={2016}
}

@BOOK{bsw1,
	author={H. T. Banks and R. C. Smith and Y. Wang},
	title={Smart Material Structures: Modeling Estimation
		and Analysis},
	year=1996,
	publisher={Masson/John Wiley},
	address={Paris/Chichester}
}

@ARTICLE{BanksIto1,
	author={H. T. Banks and K. Ito},
	year=1997,
	title={Approximation in {LQR} Problems for Infinite Dimensional
		Systems with Unbounded Input Operators},
	journal={Journal of Mathematical Systems, Estimation, and Control},
	volume={7},
	pages={1-34},
	publisher={Birkh\"{a}user Boston}
}

@ARTICLE{BanksIto0,
	author={H. T. Banks and K. Ito},
	year=1997,
	title={Approximation in {LQR} Problems for Infinite Dimensional
		Systems with Unbounded Input Operators},
	journal={Journal of Mathematical Systems, Estimation, and Control},
	volume={},
	pages={1-34},
	publisher={Birkh\"{a}user Boston}
}


@PHDTHESIS{Ric,
	author = {R. C. H. del Rosario },
	year = 1998,
	title = {Computational Methods for Feedback Control in
		Structural Systems},
	school = {N. C. State University}
}


@techreport{RalphRic3a,
	author = {R. C. H. del Rosario and R. C. Smith},
	year = 1997,
	title = {{LQR} Control of Thin Shell Dynamics: Formulation and
		Numerical Implementation},
	institution = {Institute for Computer Applications in Science
		and Engineering},
	number={ICASE Report 97-59},
	address={NASA Langley Research Center, Hampton},
}


%%%%%%%%%%%%%%%%%%%%%%%%%%%%%   %MISC   %%%%%%%%%%%%%%%%%%%%%%%%%%%%%%%%%%%%%

@BOOKLET{Le,
	author={A. W. Leissa},
	title={Vibrations of Shells},
	year=1973,
	publisher={NASA SP-288},
	howpublished={Reprinted by the Acoustical Society of America through
		the American Institute of Physics}
}

@manual{d31ref,
	organization = {{Institute} of Electrical and Electronics Engineers},
	year = 1978,
	title = {IEEE Standard on Piezoelectricity},
	address={New York}
}

@manual{pside,
	title = {Specification of PSIDE},
	author={Jacques J.B. de Swart and Walter M. Lioen and Wolter A. van der Veen},
	year=1998,
	note={Avalable at http://www.cwi.nl/cwi/projects/PSIDE/}
}


@article{guichard2017introduction,
	title={An Introduction to Combinatorics and Graph Theory},
	author={Guichard, David},
	journal={Whitman College-Creative Commons},
	year={2017}
}

@article{combinatorics,
	title={Combinatorics},
	author={Walzer, Stefan},
	journal={},
	year={2016}
}

@article{graphtheory,
	title={Graph Theory},
	author={Adamchick, Victor},
	journal={},
	year={2005}
}

@phdthesis{brucato2013traveling,
	title={The Traveling Salesman Problem},
	author={Brucato, Corinne},
	year={2013},
	school={University of Pittsburgh}
}

@article{papadimitriou1977euclidean,
	title={The Euclidean traveling salesman problem is NP-complete.},
	author={Papadimitriou, Christos H. and CH, PAPADIMITRIOU},
	year={1977}
}

@article{jain2017solving,
	title={Solving travelling salesman problem using greedy genetic algorithm GGA},
	author={Jain, Vinod and Prasad, Jay Shankar},
	journal={International Journal of Engineering and Technology},
	volume={9},
	number={2},
	pages={1148--54},
	year={2017}
}

@article{hahsler2007tsp,
	title={TSP-Infrastructure for the traveling salesperson problem},
	author={Hahsler, Michael and Hornik, Kurt},
	journal={Journal of Statistical Software},
	volume={23},
	number={2},
	pages={1--21},
	year={2007},
	publisher={American Statistical Association}
}

@article{singh2013study,
	title={Study of variation in TSP using genetic algorithm and its operator comparison},
	author={Singh, Shalini and Lodhi, Ejaz Aslam},
	journal={International Journal of Soft Computing and Engineering (IJSCE)},
	volume={3},
	pages={264--267},
	year={2013}
}

@article{darwin,
	title={Darwin’s Theory of
	Evolution by Natural Selection A new theory of the origins of life},
	author={Waseda University, SILS},
	journal={Introduction to History and Philosophy of Science},
}

@article{larranaga1999genetic,
	title={Genetic algorithms for the travelling salesman problem: A review of representations and operators},
	author={Larranaga, Pedro and Kuijpers, Cindy M. H. and Murga, Roberto H. and Inza, Inaki and Dizdarevic, Sejla},
	journal={Artificial Intelligence Review},
	volume={13},
	number={2},
	pages={129--170},
	year={1999},
	publisher={Springer}
}

@incollection{reeves2003genetic,
	title={Genetic algorithms},
	author={Reeves, Colin},
	booktitle={Handbook of metaheuristics},
	pages={55--82},
	year={2003},
	publisher={Springer}
}

@article{alzohairy,
	title={Darwin's Theory of Evolution },
	author={Alzohairy, Ahmed Mansour},
	year = {2014}
}

@misc{bodenhofer2003genetic,
	title={Genetic algorithms: theory and applications},
	author={Bodenhofer, Ulrich},
	year={2003},
	publisher={Lecture notes, Fuzzy Logic Laboratorium Linz-Hagenberg, Winter}
}

@article{bhattacharjya2012introduction,
	title={Introduction to genetic algorithms},
	author={Bhattacharjya, Rajib Kumar},
	journal={IIT Guwahati},
	volume={12},
	year={2012}
}

@inproceedings{safe2004stopping,
	title={On stopping criteria for genetic algorithms},
	author={Safe, Mart{\'\i}n and Carballido, Jessica and Ponzoni, Ignacio and Brignole, N{\'e}lida},
	booktitle={Brazilian Symposium on Artificial Intelligence},
	pages={405--413},
	year={2004},
	organization={Springer}
}

@inproceedings{yang2007genetic,
	title={Genetic algorithms with elitism-based immigrants for changing optimization problems},
	author={Yang, Shengxiang},
	booktitle={Workshops on Applications of Evolutionary Computation},
	pages={627--636},
	year={2007},
	organization={Springer}
}

@incollection{stanley1986enumerative,
	title={What is enumerative combinatorics?},
	author={Stanley, Richard P},
	booktitle={Enumerative combinatorics},
	pages={1--63},
	year={1986},
	publisher={Springer}
}

@article{yadav2017comparative,
	title={Comparative study of different selection techniques in genetic algorithm},
	author={Yadav, Saneh Lata and Sohal, Asha},
	journal={International Journal of Engineering, Science and Mathematics},
	volume={6},
	number={3},
	pages={174--180},
	year={2017},
	publisher={International Journals of Multidisciplinary Research Academy}
}

@article{gupta2012study,
	title={Study of traveling salesman problem using genetic algorithm},
	author={Gupta, Ashish and Khurana, Shipra},
	journal={International Journal of Managment, IT and Engineering},
	volume={2},
	number={5},
	pages={575--588},
	year={2012},
	publisher={International Journals of Multidisciplinary Research Academy}
}

@article{ruohonen2013graph,
	title={Graph Theory. Tampereen teknillinen yliopisto. Originally titled Graafiteoria, lecture notes translated by Tamminen, J., Lee, K},
	author={Ruohonen, Keijo},
	journal={C. and Pich{\'e}, R},
	year={2013}
}

@article{morris2017combinatorics,
	title={Combinatorics: Enumeration, Graph Theory, and Design Theory},
	author={Morris, Joy},
	year={2017},
	publisher={University of Lethbridge}
}


@article{salvador2010traveling,
	title={The traveling salesman problem: a statistical approach},
	author={Salvador, Tiago},
	journal={Report within the scope of the program “Novos Talentos em Matem{\'a}tica”—Funda{\c{c}}{\~a}o Calouste Gulbenkian, Portugal},
	year={2010}
}

@article{matai2010traveling,
	title={Traveling salesman problem: an overview of applications, formulations, and solution approaches},
	author={Matai, Rajesh and Singh, Surya Prakash and Mittal, Murari Lal},
	journal={Traveling salesman problem, theory and applications},
	volume={1},
	year={2010},
	publisher={InTech, Croatia}
}


@article{haist2007optical,
	title={An optical solution for the traveling salesman problem},
	author={Haist, Tobias and Osten, Wolfgang},
	journal={Optics Express},
	volume={15},
	number={16},
	pages={10473--10482},
	year={2007},
	publisher={Optical Society of America}
}

@misc{maad2016genetic,
	title={Genetic Algorithm Optimization by Natural Selection},
	author={Maad, M Mijwel},
	year={2016},
	publisher={Augusts}
}

@article{gen2007genetic,
	title={Genetic algorithms},
	author={Gen, Mitsuo and Lin, Lin},
	journal={Wiley Encyclopedia of Computer Science and Engineering},
	pages={1--15},
	year={2007},
	publisher={Wiley Online Library}
}

@article{srinivas1994genetic,
	title={Genetic algorithms: A survey},
	author={Srinivas, Mandavilli and Patnaik, Lalit M},
	journal={computer},
	volume={27},
	number={6},
	pages={17--26},
	year={1994},
	publisher={IEEE}
}

@article{grefenstette1986optimization,
	title={Optimization of control parameters for genetic algorithms},
	author={Grefenstette, John J},
	journal={IEEE Transactions on systems, man, and cybernetics},
	volume={16},
	number={1},
	pages={122--128},
	year={1986},
	publisher={IEEE}
}

@inproceedings{grefenstette1985genetic,
	title={Genetic algorithms for the traveling salesman problem},
	author={Grefenstette, John and Gopal, Rajeev and Rosmaita, Brian and Van Gucht, Dirk},
	booktitle={Proceedings of the first International Conference on Genetic Algorithms and their Applications},
	volume={160},
	number={168},
	pages={160--168},
	year={1985},
	organization={Lawrence Erlbaum}
}

@inproceedings{goldberg1985alleles,
	title={Alleles, loci, and the traveling salesman problem},
	author={Goldberg, David E and Lingle, Robert and others},
	booktitle={Proceedings of an international conference on genetic algorithms and their applications},
	volume={154},
	pages={154--159},
	year={1985},
	organization={Carnegie-Mellon University Pittsburgh, PA}
}

@article{homaifar1992schema,
	title={Schema analysis of the traveling salesman problem using genetic algorithms},
	author={Homaifar, Abdollah and Guan, Shanguchuan and Liepins, Gunar E},
	journal={Complex Systems},
	volume={6},
	number={6},
	pages={533--552},
	year={1992},
	publisher={[Champaign, IL, USA: Complex Systems Publications, Inc., c1987-}
}

@article{godfrey2007conditions,
	title={Conditions for evolution by natural selection},
	author={Godfrey-Smith, Peter},
	journal={The Journal of Philosophy},
	volume={104},
	number={10},
	pages={489--516},
	year={2007},
	publisher={JSTOR}
}

@article{realnumbergenetic,
	title={Research on improvement of real number genetic algorithm},
	author={Wang, Fulin and Wang, Jiquan and Wu, Changyou and Wu, Qiufeng},
	year={2006},
}

@article{xu2018application,
	title={Application of a genetic algorithm with random crossover and dynamic mutation on the travelling salesman problem},
	author={Xu, Jia and Pei, Lang and Zhu, Rong-zhao},
	journal={Procedia computer science},
	volume={131},
	pages={937--945},
	year={2018},
	publisher={Elsevier}
}

@inproceedings{chiroma2013correlation,
	title={Correlation study of genetic algorithm operators: crossover and mutation probabilities},
	author={Chiroma, Haruna and Abdulkareem, Sameem and Abubakar, Adamu and Zeki, Akram and Gital, Abdulsalam Ya’u and Usman, Mohammed Joda},
	booktitle={Proceedings of the International Symposium on Mathematical Sciences and Computing Research},
	pages={6--7},
	year={2013}
}

@article{wang2016multi,
	title={Multi-offspring genetic algorithm and its application to the traveling salesman problem},
	author={Wang, Jiquan and Ersoy, Okan K and He, Mengying and Wang, Fulin},
	journal={Applied Soft Computing},
	volume={43},
	pages={415--423},
	year={2016},
	publisher={Elsevier}
}

@inproceedings{narwadi2017application,
	title={An application of traveling salesman problem using the improved genetic algorithm on android google maps},
	author={Narwadi, Teguh and Subiyanto},
	booktitle={AIP Conference Proceedings},
	volume={1818},
	number={1},
	pages={020035},
	year={2017},
	organization={AIP Publishing LLC}
}

@article{maimon1998genetic,
	title={A genetic algorithm approach to scheduling PCBs on a single machine},
	author={Maimon, OZ and Braha, D},
	journal={International Journal of Production Research},
	volume={36},
	number={3},
	pages={761--784},
	year={1998},
	publisher={Taylor \& Francis}
}

@inproceedings{dos2014evolutionary,
	title={Evolutionary algorithm for dense pixel matching in presence of distortions},
	author={dos-Santos-Paulino, Ana Carolina and Nebel, Jean-Christophe and Fl{\'o}rez-Revuelta, Francisco},
	booktitle={European Conference on the Applications of Evolutionary Computation},
	pages={439--450},
	year={2014},
	organization={Springer}
}

@article{buurman2009reducing,
	title={Reducing risk through real options in systems design: the case of architecting a maritime domain protection system},
	author={Buurman, Joost and Zhang, Stephen and Babovic, Vladan},
	journal={Risk Analysis: An International Journal},
	volume={29},
	number={3},
	pages={366--379},
	year={2009},
	publisher={Wiley Online Library}
}

@inproceedings{stanislawska2015genetic,
	title={Genetic programming for estimation of heat flux between the atmosphere and sea ice in polar regions},
	author={Stanislawska, Karolina and Krawiec, Krzysztof and Vihma, Timo},
	booktitle={Proceedings of the 2015 Annual Conference on Genetic and Evolutionary Computation},
	pages={1279--1286},
	year={2015}
}

@inproceedings{fitzgerald2015integrated,
	title={An integrated approach to stage 1 breast cancer detection},
	author={Fitzgerald, Jeannie M and Ryan, Conor and Medernach, David and Krawiec, Krzysztof},
	booktitle={Proceedings of the 2015 Annual Conference on Genetic and Evolutionary Computation},
	pages={1199--1206},
	year={2015}
}

@article{pokharel2020,
	author = {Pokharel, Manoj},
	year = {2020},
	month = {06},
	pages = {},
	title = {Computational Complexity Theory(P,NP,NP-Complete and NP-Hard Problems)}
}

@article{eiben1999parameter,
	title={Parameter control in evolutionary algorithms},
	author={Eiben, {\'A}goston E and Hinterding, Robert and Michalewicz, Zbigniew},
	journal={IEEE Transactions on evolutionary computation},
	volume={3},
	number={2},
	pages={124--141},
	year={1999},
	publisher={IEEE}
}

@article{srinivas1994adaptive,
	title={Adaptive probabilities of crossover and mutation in genetic algorithms},
	author={Srinivas, Mandavilli and Patnaik, Lalit M},
	journal={IEEE Transactions on Systems, Man, and Cybernetics},
	volume={24},
	number={4},
	pages={656--667},
	year={1994},
	publisher={IEEE}
}

@book{de1975analysis,
	title={An analysis of the behavior of a class of genetic adaptive systems.},
	author={De Jong, Kenneth Alan},
	year={1975},
	publisher={University of Michigan}
}

@article{brady1985optimization,
	title={Optimization strategies gleaned from biological evolution},
	author={Brady, RM},
	journal={Nature},
	volume={317},
	number={6040},
	pages={804--806},
	year={1985},
	publisher={Nature Publishing Group}
}
